@Book{xie2015,
  title = {Dynamic Documents with {R} and knitr},
  author = {Yihui Xie},
  publisher = {Chapman and Hall/CRC},
  address = {Boca Raton, Florida},
  year = {2015},
  edition = {2nd},
  note = {ISBN 978-1498716963},
  url = {http://yihui.org/knitr/},
}

@Book{quantargo1,
  title = {Introduction to {R} },
  author = {Quartargo},
  year = {2020},
  url = {http://www.quantargo.com},
}

@Book{quantargo2,
  title = {Introduction to Machine Learning},
  author = {Quartargo},
  year = {2020},
  url = {http://www.quantargo.com},
}